3125 4842
399 501 470 590 138
534 485 748 572 ΗΔΕ.
797 480 1235 586 multumne.

682 719 865 794 Psnn
911 722 1101 794 CXLVIII.

514 879 550 959 Ja
567 873 674 940 Deum
691 875 832 952 celebrae
851 869 985 939 Domini
1001 875 1040 938 de
1057 876 1128 940 sede
1143 877 1272 962 superna

451 889 511 1046 E
554 957 755 1040 fretarefer,
776 958 852 1022 cccli
870 959 923 1038 qui
938 959 1014 1045 juga
1030 961 1152 1024 summa
1169 980 1265 1029 tenera

412 1071 430 1118 2
451 1051 510 1133 Eua
528 1043 636 1108 Deum
650 1045 772 1106 celebra
789 1041 916 1107 rutilans
933 1048 993 1106 tine
1011 1063 1141 1127 corpore
1157 1062 1273 1134 cretus,

494 1127 610 1196 Siderei
620 1126 745 1210 propius
765 1126 817 1208 qui
835 1127 926 1207 putris
943 1146 997 1190 ora
1012 1128 1114 1195 vides:
1136 1158 1138 1161 ·

449 1214 511 1300 Eja
526 1209 638 1277 Deum
652 1214 774 1274 celebra
789 1211 901 1292 rapidis
917 1211 1067 1276 exercitus
1084 1213 1141 1276 alis

502 1295 650 1379 Concite‚
670 1295 748 1358 dum
764 1294 861 1376 superi
876 1293 955 1377 jussa
969 1293 1088 1359 faceffis
1106 1297 1178 1360 heri.
1231 1328 1235 1335 ·
1308 1346 1310 1351 .

411 1404 430 1470 3
452 1380 513 1468 Eja
529 1378 640 1446 Deum
653 1379 776 1446 celebra
791 1381 850 1462 l'ol,
870 1379 944 1441 solis
962 1379 991 1443 dt
1009 1384 1121 1446 emula
1136 1386 1229 1462 luna;

498 1459 545 1529 'Et
565 1464 641 1530 coeli
657 1463 774 1526 levibus
793 1461 886 1526 tidcra
903 1461 1090 1528 vectatorio

410 1571 433 1638 4
451 1549 548 1616 Hunc
564 1548 673 1631 pariter
688 1550 822 1609 celebret
838 1545 969 1628 supremi
984 1547 1127 1612 machina
1143 1548 1232 1632 coeli,

502 1627 667 1716 Quotquot
683 1631 712 1694 de
730 1649 766 1692 ex
782 1633 847 1691 alto
863 1631 1084 1712 praecipitantur
1099 1650 1197 1716 uque.

412 1719 464 1801 5,6
483 1718 580 1782 Hunc
596 1715 747 1778 celebrate
763 1713 870 1791 iimu13
888 1717 983 1778 verbo
994 1735 1051 1778 vos
1069 1715 1123 1776 iile
1135 1717 1253 1797 potenti

495 1797 656 1878 Condidit,
675 1799 704 1862 dt
722 1797 817 1860 stabili
832 1817 917 1862 nunc
936 1817 1061 1878 quoque
1077 1803 1145 1885 lege
1161 1801 1248 1884 regit⁶

412 1895 430 1968 7
451 1881 587 1948 AEtheris
606 1883 635 1948 dt
652 1879 830 1946 Dominum
846 1881 950 1945 laudet
966 1886 1077 1944 tellure
1094 1883 1150 1946 sub
1167 1883 1230 1946 ima
1470 1940 1471 1951 ,

503 1964 595 2032 Trux
610 1965 717 2048 draco,
737 1965 818 2028 vasta
835 1965 928 2028 maris
944 1965 1141 2048 quidquid&
1158 1967 1242 2030 unda
1259 1969 1338 2056 tegit
1470 2024 1471 2039 r

410 2047 430 2117 8
452 2050 493 2116 Et
511 2071 587 2116 cava
604 2051 671 2130 quae
688 2049 762 2112 coeli
778 2049 940 2112 subtexunt
954 2049 1071 2114 moenia
1090 2052 1234 2136 flatnmae,

413 2195 416 2200 .
494 2131 543 2198 -Et
559 2153 626 2213 quae
644 2130 807 2218 snrgiferos
878 2131 941 2198 ndo
959 2136 1092 2218 flagellat
1108 2145 1214 2219 agros:

409 2285 413 2294 ,
454 2215 496 2286 Et
512 2217 563 2282 nix
581 2235 656 2281 cum
672 2216 803 2300 nebulis,
867 2217 1041 2299 tempestate
1056 2216 1167 2284 sonori
1228 2218 1232 2223 ’

503 2301 592 2368 illius
610 2299 775 2366 adnutum
792 2302 844 2384 qui
864 2303 976 2384 quatit,
993 2301 1087 2385 Eure,-
1105 2316 1195 2368 retest

411 2405 434 2468 9
454 2385 495 2452 Et
510 2385 624 2450 tetricae
640 2407 740 2468 rupes,
762 2385 792 2450 dt
808 2401 933 2450 ovantes
949 2385 1075 2473 palmite
1091 2389 1204 2470 colles,

398 2473 400 2477 ’
506 2469 546 2535 Et
562 2471 685 2552 cedrus,
700 2471 730 2534 dt
747 2471 847 2552 pomis
865 2471 1079 2544 arboronusta
1093 2471 1193 2543 novis.
1217 2534 1219 2540 ,

413 2573 455 2619 10
476 2551 623 2632 Cumque
637 2551 709 2616 feris
725 2553 872 2636 pecudes,
892 2554 1005 2635 &quae
1021 2555 1103 2619 secat
1120 2554 1342 2636 aetherapennis

503 2632 615 2717 Natio,
634 2639 683 2698 vel
701 2656 799 2716 prono
816 2638 940 2718 pectore
956 2636 1051 2701 verrit
1066 2639 1207 2702 humum.

413 2737 449 2782 11
475 2716 733 2797 Gemmiferoquc
751 2720 877 2782 comam
894 2718 987 2783 cineti
1003 2721 1176 2787 diademate
1191 2742 1294 2808 reges;

503 2797 631 2878 Vosque
649 2799 759 2878 quibus
774 2800 821 2865 fas
839 2802 880 2865 est
895 2802 997 2868 dicere
1009 2803 1080 2885 jura
1096 2820 1206 2886 patres.

292 2943 294 2951 s
411 2903 450 2950 12
472 2881 621 2948 Fervidus
639 2883 833 2968 &juvenum
849 2887 974 2972 chorus,
994 2887 1186 2970 innuptaeque
1203 2893 1328 2974 puellae3

505 2963 546 3032 Et
562 2985 636 3049 puer
652 2967 800 3055 imbellis,
819 2969 1050 3054 decrepitusque
1067 2974 1169 3038 senex.
1210 3016 1213 3022 ι

388 3069 390 3076 ·
412 3071 450 3138 13
472 3048 596 3118 Cuncta
612 3048 721 3118 Deum
732 3056 899 3140 celebrent,
920 3057 973 3137 qui
984 3057 1121 3138 prestans
1136 3056 1281 3124 omnibus
1294 3076 1385 3138 unun,

501 3133 606 3200 Altior
623 3137 664 3202 en
682 3138 779 3222 terris,
801 3138 981 3222 sidereisque
996 3142 1081 3205 rotis«
1254 3210 1262 3218 ,
1373 3169 1378 3181 i

409 3238 450 3306 14
470 3218 533 3284 Hic
554 3219 605 3282 fibi
624 3220 772 3285 devotum
788 3228 951 3307 populum,
971 3240 1154 3310 gentemque
1170 3223 1273 3292 Sionis
1301 3306 1303 3309 Ι

499 3301 622 3370 Evenit:
644 3301 729 3390 Ergo
745 3303 819 3369 Deo
839 3311 906 3371 laus
924 3311 958 3372 sit
975 3310 1005 3374 ἀ
1021 3309 1123 3374 omnis
1140 3310 1252 3373 honost

543 3443 574 3572 s
625 3503 629 3510 ·
669 3485 855 3554 usur.
897 3487 1057 3555 exurx.

445 3633 607 3789 Dicite
622 3631 888 3717 redierisuperfim
905 3655 986 3700 nova
1001 3634 1155 3718 carmina3
1175 3637 1280 3703 sacros

572 3717 691 3784 Audiat
710 3719 739 3783 dt
757 3719 862 3802 populi
882 3735 948 3784 tota
962 3739 1079 3784 corona
1095 3723 1218 3786 modos.

336 3833 341 3840 ,
405 3818 456 3884 2,3
478 3797 546 3864 Rex
561 3797 632 3864 suus
650 3800 785 3866 obicdiet
800 3803 975 3888 Solymum,
994 3803 1067 3868 suus
1085 3803 1192 3871 audior
1210 3801 1341 3870 Abrami

499 3877 697 3968 Progeniem:
719 3887 840 3951 citharis
859 3907 933 3974 gens
948 3888 1035 3950 sacra
1049 3890 1145 3975 junge
1162 3892 1288 3956 choros,

400 3982 423 4047 4
444 3963 574 4032 Illesuo
590 3969 817 4056 populonio,
838 3969 1008 4036 oblectatur
1027 3974 1057 4038 dt
1076 3974 1163 4055 illo„

396 4090 411 4135 g
489 4046 624 4118 Mitibus
642 4052 672 4118 dt
688 4053 802 4118 vindex
818 4055 922 4142 cinget
938 4058 1191 4140 honorecomus.
1252 4141 1275 4208 6
1296 4140 1328 4210 G

369 4167 372 4172 ,
1221 4159 1253 4227 5,
1329 4155 1381 4208 ens

1265 4421 1279 4494 i
