3125 4842
396 463 998 570 PRAEFATIO.
1147 475 1197 586 xi
1313 559 1323 583 ,

133 691 146 700 ·
198 677 329 782 ptore
349 663 579 761 incidendo,
610 661 1073 780 libroqnepraefigendo,
1105 677 1194 774 ope·

181 787 184 794 ’
208 775 695 888 rdqneetiomslotnoricl
708 803 761 858 ex
781 774 1192 869 accusatoremne,

205 885 371 997 locoque
383 885 521 994 posteo
535 885 689 970 celebri
700 887 909 999 ponenld,
939 886 1097 969 idoneis
1113 886 1194 965 eti·

202 1021 272 1076 am
287 995 493 1081 doliorum
510 998 808 1109 proborumque
830 998 1020 1080 virorum
1035 999 1126 1106 ejus
1142 992 1193 1076 de

204 1107 305 1186 vito
321 1133 369 1192 oc
385 1105 798 1218 scriptisadjuulbis
813 1106 1073 1217 testimoniis:
1101 1130 1193 1218 qua
1317 1204 1319 1208 ι

204 1215 422 1322 omniosno
439 1217 563 1299 brevi
576 1231 754 1326 tempore
764 1217 1089 1331 sperarefosed.
1108 1220 1193 1297 At·

208 1349 288 1444 qne
304 1324 454 1440 dignus
476 1326 530 1438 est
543 1327 734 1438 prosette)
758 1327 931 1440 quinon
946 1328 1056 1408 modi
1081 1353 1191 1408 mor·

197 1459 365 1536 ,monens
370 1438 469 1545 stet,
481 1437 562 1544 fied
572 1437 692 1552 cujus
707 1463 865 1558 qnoque
879 1436 1127 1549 imaginibus
1137 1435 1191 1516 il·
1212 1488 1216 1494 ι

161 1543 444 1652 -·tustroffime
476 1547 680 1650 doliorum
711 1549 903 1631 virorum
934 1543 1190 1632 bibliothece

200 1671 330 1766 otqne
344 1657 490 1772 museo
505 1659 818 1767 cohonestentur,
838 1656 1191 1777 cnqnfqnejncnn·

203 1763 361 1872 difflmo
380 1770 574 1850 memorio
597 1770 703 1850 omni
714 1769 980 1878 posteritatis
1003 1766 1124 1851 atoti
1138 1765 1191 1847 ob
1285 1834 1287 1837 .

203 1875 438 1984 doc‘c‘ifflmis
451 1876 834 1994 facundissimisqne
846 1879 1108 1990 historiarum
1123 1891 1188 1957 at·

205 2009 285 2103 qne
312 1990 521 2074 annalium
552 1989 833 2072 conditoribus
863 2016 954 2071 cnm
993 1987 1191 2070 maximis

193 2099 735 2203 preconiiscommendetnr.
751 2099 1016 2183 Ceternmbic
1027 2097 1190 2210 quidem

206 2203 1189 2328 temperaremihinequeoquinderara&iustgni

202 2309 505 2420 hacfelicitate
520 2329 617 2394 vate
628 2316 826 2426 gratuler
840 2315 1052 2420 cultifflmo
1063 2351 1076 2412 3
1089 2343 1093 2350 ·
1104 2315 1189 2408 cui,

191 2421 293 2544 post
313 2437 378 2502 tot
406 2422 561 2504 domum
573 2424 665 2532 post
687 2422 842 2505 obitum
859 2424 1049 2532 spatium
1070 2446 1192 2503 anno.

201 2559 309 2628 runc,
330 2533 672 2646 tulistontnsque
687 2532 848 2616 vindex
862 2533 1028 2646 obtigit,
1047 2558 1189 2644 equus

198 2643 408 2726 admodum
425 2659 552 2758 atque
577 2644 743 2726 idoneus
759 2645 975 2737 virtutum
991 2669 1038 2725 oc
1061 2667 1188 2726 mero·

201 2771 337 2836 torum
361 2753 452 2865 ejom
481 2758 676 2867 expensor
699 2770 826 2882 utque
854 2755 1084 2865 estimatur,
1115 2756 1187 2838 cni

201 2865 259 2946 ad
271 2880 391 2974 opero
406 2863 663 2950 celeberrimi
680 2867 783 2964 ‚viri
802 2866 855 2947 ob
874 2863 956 2980 fita
976 2880 1104 2990 atque
1122 2866 1185 2946 in·

202 2977 339 3056 terion
355 2972 682 3072 vindicandam
696 2975 920 3086 plusquam
928 2977 1106 3083 pristino
1120 2983 1185 3056 ni·
1313 3036 1316 3040 .

201 3087 290 3165 tori
305 3099 431 3196 atque
444 3085 657 3196 elegantia
673 3083 935 3193 restituendo,
947 3085 1187 3172 uocanimns

199 3194 307 3304 abest
321 3197 391 3274 nic
401 3193 610 3300 ferendos,
642 3193 709 3274 nti
724 3219 814 3274 cunc
820 3188 1098 3304 jucunditate
1110 3199 1184 3301 po'·

198 3306 392 3388 liciorum
414 3299 615 3387 hominnm
632 3304 675 3392 li
690 3303 876 3412 monibus
894 3304 994 3396 teri,
1027 3301 1070 3388 Θ
1094 3327 1184 3383 ocn-

180 3413 260 3498 'lis
281 3414 453 3523 lustrari
476 3415 520 3496 in
529 3417 730 3526 posterum
744 3413 909 3524 p'offlut.
967 3411 1184 3603 Quapro„

190 3523 310 3634 fello)
333 3549 415 3616 res,
434 3523 482 3630 β
504 3526 609 3636 quid
628 3551 695 3640 ego
722 3524 819 3620 veri
847 3546 1043 3650 auguror,
1100 3526 1188 3610 ond

194 3634 335 3746 ¹magis
350 3632 540 3716 honorato
558 3637 682 3748 quim
705 3633 923 3716 honoranti
936 3648 1020 3742 per
1036 3646 1182 3723 cautla

85 3741 87 3752 ’
200 3745 388 3851 deinceps
397 3745 539 3848 secula
555 3747 697 3829 leonori
713 3745 813 3827 erit.
848 3744 913 3824 Ac
928 3745 1040 3825 lubet
1054 3750 1182 3830 etiam

197 3853 439 3962 beatiffimos
467 3849 655 3964 Jonstoui
681 3880 820 3938 moues
842 3851 891 3935 de
912 3870 998 3938 tom
1024 3855 1117 3956 leto
1142 3887 1182 3939 e.

198 3964 490 4064 uentu'tribns
507 3965 654 4051 verbis
670 3964 923 4078 compellare.
978 3963 1184 4079 Hemigi·

654 4076 681 4173 d
1110 4095 1185 4184 tur
1218 4108 1221 4114 ·
