<?xml version="1.0" encoding="UTF-8"?>
<!DOCTYPE html PUBLIC "-//W3C//DTD XHTML 1.0 Transitional//EN"
    "http://www.w3.org/TR/xhtml1/DTD/xhtml1-transitional.dtd">
<html xmlns="http://www.w3.org/1999/xhtml" xml:lang="en" lang="en">
 <head>
  <title>
</title>
<meta http-equiv="Content-Type" content="text/html;charset=utf-8" />
  <meta name='ocr-system' content='tesseract 3.04.00' />
  <meta name='ocr-capabilities' content='ocr_page ocr_carea ocr_par ocr_line ocrx_word'/>
</head>
<body>
  <div class='ocr_page' id='page_1' title='image "./poetarumscotoru03adamgoog_0141.png"; bbox 0 0 3125 4842; ppageno 0'>
   <div class='ocr_carea' id='block_1_1' title="bbox 390 485 1113 603">
    <p class='ocr_par' dir='ltr' id='par_1_1' title="bbox 390 485 1113 603">
     <span class='ocr_line' id='line_1_1' title="bbox 390 485 1113 603; baseline -0.015 -36"><span class='ocrx_word' id='word_1_1' title='bbox 390 522 443 603; x_wconf 78' lang='lat'>4²</span> <span class='ocrx_word' id='word_1_2' title='bbox 632 526 636 533; x_wconf 94' lang='lat'>·</span> <span class='ocrx_word' id='word_1_3' title='bbox 696 485 907 567; x_wconf 65' lang='grc' dir='ltr'>ΗΑΒ.</span> <span class='ocrx_word' id='word_1_4' title='bbox 955 490 1113 566; x_wconf 70' lang='grc' dir='ltr'>ΧΠΧι</span> 
     </span>
    </p>
   </div>
   <div class='ocr_carea' id='block_1_2' title="bbox 397 620 1380 1801">
    <p class='ocr_par' dir='ltr' id='par_1_2' title="bbox 397 620 1380 1801">
     <span class='ocr_line' id='line_1_2' title="bbox 397 620 1238 711; baseline -0.004 -18"><span class='ocrx_word' id='word_1_5' title='bbox 397 628 419 697; x_wconf 84' lang='lat'>8</span> <span class='ocrx_word' id='word_1_6' title='bbox 440 626 534 711; x_wconf 77' lang='lat' dir='ltr'>Haec,</span> <span class='ocrx_word' id='word_1_7' title='bbox 552 642 619 707; x_wconf 76' lang='lat' dir='ltr'>qua</span> <span class='ocrx_word' id='word_1_8' title='bbox 635 620 833 704; x_wconf 78' lang='lat' dir='ltr'>famarefert,</span> <span class='ocrx_word' id='word_1_9' title='bbox 854 621 887 686; x_wconf 92' lang='lat' dir='ltr'>in</span> <span class='ocrx_word' id='word_1_10' title='bbox 897 620 984 686; x_wconf 84' lang='lat' dir='ltr'>facta</span> <span class='ocrx_word' id='word_1_11' title='bbox 993 622 1130 690; x_wconf 85' lang='lat' dir='ltr'>vidimus</span> <span class='ocrx_word' id='word_1_12' title='bbox 1143 623 1238 705; x_wconf 65' lang='lat' dir='ltr'>urbe}</span> 
     </span>
     <span class='ocr_line' id='line_1_3' title="bbox 482 703 1159 788; baseline -0.006 -13"><span class='ocrx_word' id='word_1_13' title='bbox 482 706 632 779; x_wconf 78' lang='lat' dir='ltr'>Numinis</span> <span class='ocrx_word' id='word_1_14' title='bbox 651 704 835 788; x_wconf 65' lang='lat' dir='ltr'>invidique</span> <span class='ocrx_word' id='word_1_15' title='bbox 851 703 979 771; x_wconf 81' lang='lat' dir='ltr'>stabilita</span> <span class='ocrx_word' id='word_1_16' title='bbox 994 722 1090 771; x_wconf 81' lang='lat' dir='ltr'>manu</span> <span class='ocrx_word' id='word_1_17' title='bbox 1108 708 1159 772; x_wconf 91' lang='lat' dir='ltr'>est.</span> 
     </span>
     <span class='ocr_line' id='line_1_4' title="bbox 400 789 1224 879; baseline -0.004 -19"><span class='ocrx_word' id='word_1_18' title='bbox 400 815 423 879; x_wconf 90' lang='lat'>9</span> <span class='ocrx_word' id='word_1_19' title='bbox 443 796 539 871; x_wconf 82' lang='lat' dir='ltr'>Alme</span> <span class='ocrx_word' id='word_1_20' title='bbox 556 810 663 874; x_wconf 84' lang='lat' dir='ltr'>parens</span> <span class='ocrx_word' id='word_1_21' title='bbox 675 794 683 857; x_wconf 76' lang='lat' dir='ltr'>i</span> <span class='ocrx_word' id='word_1_22' title='bbox 703 789 786 855; x_wconf 84' lang='lat' dir='ltr'>festis</span> <span class='ocrx_word' id='word_1_23' title='bbox 804 791 924 873; x_wconf 88' lang='lat' dir='ltr'>quoties</span> <span class='ocrx_word' id='word_1_24' title='bbox 943 790 1141 857; x_wconf 87' lang='lat' dir='ltr'>advolvimur</span> <span class='ocrx_word' id='word_1_25' title='bbox 1151 792 1224 878; x_wconf 85' lang='lat' dir='ltr'>aris,</span> 
     </span>
     <span class='ocr_line' id='line_1_5' title="bbox 451 868 1106 959; baseline -0.008 -16"><span class='ocrx_word' id='word_1_26' title='bbox 451 872 457 896; x_wconf 85' lang='lat'>‘</span> <span class='ocrx_word' id='word_1_27' title='bbox 484 876 562 943; x_wconf 88' lang='lat' dir='ltr'>Una</span> <span class='ocrx_word' id='word_1_28' title='bbox 577 889 637 939; x_wconf 82' lang='lat' dir='ltr'>tuae</span> <span class='ocrx_word' id='word_1_29' title='bbox 648 872 777 941; x_wconf 66' lang='lat' dir='ltr'>cundos</span> <span class='ocrx_word' id='word_1_30' title='bbox 795 875 861 959; x_wconf 85' lang='lat' dir='ltr'>spes</span> <span class='ocrx_word' id='word_1_31' title='bbox 879 868 1021 940; x_wconf 82' lang='lat' dir='ltr'>bonitatis</span> <span class='ocrx_word' id='word_1_32' title='bbox 1040 875 1106 940; x_wconf 88' lang='lat' dir='ltr'>alit.</span> 
     </span>
     <span class='ocr_line' id='line_1_6' title="bbox 405 957 1155 1043; baseline -0.011 -12"><span class='ocrx_word' id='word_1_33' title='bbox 405 982 445 1031; x_wconf 87' lang='lat'>10</span> <span class='ocrx_word' id='word_1_34' title='bbox 465 960 524 1025; x_wconf 86' lang='lat' dir='ltr'>Par</span> <span class='ocrx_word' id='word_1_35' title='bbox 539 959 688 1039; x_wconf 79' lang='lat' dir='ltr'>majestati</span> <span class='ocrx_word' id='word_1_36' title='bbox 706 957 774 1025; x_wconf 88' lang='lat' dir='ltr'>laus</span> <span class='ocrx_word' id='word_1_37' title='bbox 786 960 828 1024; x_wconf 87' lang='lat' dir='ltr'>est</span> <span class='ocrx_word' id='word_1_38' title='bbox 846 975 909 1043; x_wconf 81' lang='lat' dir='ltr'>tua,</span> <span class='ocrx_word' id='word_1_39' title='bbox 924 959 1028 1024; x_wconf 82' lang='lat' dir='ltr'>nescia</span> <span class='ocrx_word' id='word_1_40' title='bbox 1042 974 1155 1038; x_wconf 79' lang='lat' dir='ltr'>metae3</span> 
     </span>
     <span class='ocr_line' id='line_1_7' title="bbox 484 1040 1149 1127; baseline -0.005 -18"><span class='ocrx_word' id='word_1_41' title='bbox 484 1040 660 1127; x_wconf 77' lang='lat' dir='ltr'>sanctaque</span> <span class='ocrx_word' id='word_1_42' title='bbox 683 1041 798 1109; x_wconf 74' lang='lat' dir='ltr'>&#39;ustitia</span> <span class='ocrx_word' id='word_1_43' title='bbox 815 1042 939 1108; x_wconf 83' lang='lat' dir='ltr'>dextera</span> <span class='ocrx_word' id='word_1_44' title='bbox 957 1048 1049 1108; x_wconf 86' lang='lat' dir='ltr'>lance</span> <span class='ocrx_word' id='word_1_45' title='bbox 1064 1044 1149 1107; x_wconf 82' lang='lat' dir='ltr'>nitet.</span> 
     </span>
     <span class='ocr_line' id='line_1_8' title="bbox 403 1066 1296 1221; baseline -0.003 -24"><span class='ocrx_word' id='word_1_46' title='bbox 403 1150 438 1197; x_wconf 90' lang='lat'>11</span> <span class='ocrx_word' id='word_1_47' title='bbox 464 1129 582 1195; x_wconf 80' lang='lat' dir='ltr'>Gestiat</span> <span class='ocrx_word' id='word_1_48' title='bbox 597 1134 660 1193; x_wconf 88' lang='lat' dir='ltr'>alta</span> <span class='ocrx_word' id='word_1_49' title='bbox 678 1066 772 1207; x_wconf 53' lang='lat' dir='ltr'>dium</span> <span class='ocrx_word' id='word_1_50' title='bbox 793 1128 991 1193; x_wconf 88' lang='lat' dir='ltr'>celebrent&amp;</span> <span class='ocrx_word' id='word_1_51' title='bbox 1000 1125 1114 1211; x_wconf 82' lang='lat' dir='ltr'>judicis</span> <span class='ocrx_word' id='word_1_52' title='bbox 1133 1128 1212 1211; x_wconf 85' lang='lat' dir='ltr'>aequi</span> <span class='ocrx_word' id='word_1_53' title='bbox 1293 1210 1296 1221; x_wconf 34' lang='grc' dir='ltr'>Ι</span> 
     </span>
     <span class='ocr_line' id='line_1_9' title="bbox 486 1209 1149 1294; baseline -0.003 -19"><span class='ocrx_word' id='word_1_54' title='bbox 486 1212 512 1275; x_wconf 84' lang='lat' dir='ltr'>F</span> <span class='ocrx_word' id='word_1_55' title='bbox 514 1209 582 1275; x_wconf 68' lang='lat' dir='ltr'>acia</span> <span class='ocrx_word' id='word_1_56' title='bbox 599 1211 754 1279; x_wconf 75' lang='lat' dir='ltr'>Palestinae</span> <span class='ocrx_word' id='word_1_57' title='bbox 772 1232 849 1294; x_wconf 87' lang='lat' dir='ltr'>quas</span> <span class='ocrx_word' id='word_1_58' title='bbox 868 1214 957 1282; x_wconf 84' lang='lat' dir='ltr'>habet</span> <span class='ocrx_word' id='word_1_59' title='bbox 973 1231 1029 1277; x_wconf 87' lang='lat' dir='ltr'>ora</span> <span class='ocrx_word' id='word_1_60' title='bbox 1043 1232 1149 1277; x_wconf 88' lang='lat' dir='ltr'>nurus.</span> 
     </span>
     <span class='ocr_line' id='line_1_10' title="bbox 403 1292 1380 1387; baseline -0.004 -24"><span class='ocrx_word' id='word_1_61' title='bbox 403 1316 442 1363; x_wconf 85' lang='lat'>12</span> <span class='ocrx_word' id='word_1_62' title='bbox 464 1292 592 1361; x_wconf 86' lang='lat' dir='ltr'>Moenia</span> <span class='ocrx_word' id='word_1_63' title='bbox 613 1298 803 1362; x_wconf 88' lang='lat' dir='ltr'>circumiens</span> <span class='ocrx_word' id='word_1_64' title='bbox 820 1296 968 1381; x_wconf 69' lang='lat' dir='ltr'>Solyma,</span> <span class='ocrx_word' id='word_1_65' title='bbox 989 1314 1085 1378; x_wconf 85' lang='lat' dir='ltr'>quam</span> <span class='ocrx_word' id='word_1_66' title='bbox 1102 1292 1242 1377; x_wconf 89' lang='lat' dir='ltr'>suspicis,</span> <span class='ocrx_word' id='word_1_67' title='bbox 1258 1295 1380 1387; x_wconf 77' lang='lat' dir='ltr'>hospes,</span> 
     </span>
     <span class='ocr_line' id='line_1_11' title="bbox 495 1378 1194 1462; baseline 0 -17"><span class='ocrx_word' id='word_1_68' title='bbox 495 1378 670 1449; x_wconf 88' lang='lat' dir='ltr'>Dinumera</span> <span class='ocrx_word' id='word_1_69' title='bbox 687 1396 782 1445; x_wconf 89' lang='lat' dir='ltr'>turres</span> <span class='ocrx_word' id='word_1_70' title='bbox 801 1400 878 1462; x_wconf 88' lang='lat' dir='ltr'>quas</span> <span class='ocrx_word' id='word_1_71' title='bbox 894 1382 985 1445; x_wconf 82' lang='lat' dir='ltr'>habet</span> <span class='ocrx_word' id='word_1_72' title='bbox 1002 1380 1057 1443; x_wconf 86' lang='lat' dir='ltr'>ille</span> <span class='ocrx_word' id='word_1_73' title='bbox 1075 1383 1194 1445; x_wconf 80' lang='lat' dir='ltr'>locust</span> 
     </span>
     <span class='ocr_line' id='line_1_12' title="bbox 406 1458 1254 1551; baseline -0.005 -18"><span class='ocrx_word' id='word_1_74' title='bbox 406 1484 445 1551; x_wconf 87' lang='lat'>13</span> <span class='ocrx_word' id='word_1_75' title='bbox 467 1458 604 1547; x_wconf 80' lang='lat' dir='ltr'>Adspice</span> <span class='ocrx_word' id='word_1_76' title='bbox 619 1465 766 1547; x_wconf 87' lang='lat' dir='ltr'>supremis</span> <span class='ocrx_word' id='word_1_77' title='bbox 786 1463 911 1531; x_wconf 86' lang='lat' dir='ltr'>insertas</span> <span class='ocrx_word' id='word_1_78' title='bbox 932 1464 1064 1529; x_wconf 90' lang='lat' dir='ltr'>nubibus</span> <span class='ocrx_word' id='word_1_79' title='bbox 1081 1483 1191 1542; x_wconf 88' lang='lat' dir='ltr'>arces;</span> <span class='ocrx_word' id='word_1_80' title='bbox 1250 1512 1254 1515; x_wconf 84' lang='lat'>-</span> 
     </span>
     <span class='ocr_line' id='line_1_13' title="bbox 489 1546 1175 1645; baseline 0.003 -32"><span class='ocrx_word' id='word_1_81' title='bbox 489 1550 630 1633; x_wconf 84' lang='lat' dir='ltr'>Quaeque</span> <span class='ocrx_word' id='word_1_82' title='bbox 646 1548 744 1632; x_wconf 88' lang='lat' dir='ltr'>vides,</span> <span class='ocrx_word' id='word_1_83' title='bbox 760 1548 863 1613; x_wconf 88' lang='lat' dir='ltr'>soboli</span> <span class='ocrx_word' id='word_1_84' title='bbox 878 1549 961 1645; x_wconf 76' lang='lat' dir='ltr'>regia</span> <span class='ocrx_word' id='word_1_85' title='bbox 976 1546 1057 1613; x_wconf 68' lang='lat' dir='ltr'>recia</span> <span class='ocrx_word' id='word_1_86' title='bbox 1070 1546 1175 1615; x_wconf 81' lang='lat' dir='ltr'>refer:</span> 
     </span>
     <span class='ocr_line' id='line_1_14' title="bbox 445 1627 1360 1717; baseline -0.002 -20"><span class='ocrx_word' id='word_1_87' title='bbox 445 1632 511 1716; x_wconf 90' lang='lat' dir='ltr'>Qui</span> <span class='ocrx_word' id='word_1_88' title='bbox 529 1630 606 1696; x_wconf 88' lang='lat' dir='ltr'>colit</span> <span class='ocrx_word' id='word_1_89' title='bbox 621 1632 711 1715; x_wconf 85' lang='lat' dir='ltr'>hanc,</span> <span class='ocrx_word' id='word_1_90' title='bbox 728 1635 807 1697; x_wconf 88' lang='lat' dir='ltr'>dum</span> <span class='ocrx_word' id='word_1_91' title='bbox 824 1636 897 1697; x_wconf 92' lang='lat' dir='ltr'>luce</span> <span class='ocrx_word' id='word_1_92' title='bbox 912 1640 1011 1717; x_wconf 79' lang='lat' dir='ltr'>fruar,</span> <span class='ocrx_word' id='word_1_93' title='bbox 1028 1633 1106 1695; x_wconf 90' lang='lat' dir='ltr'>dum</span> <span class='ocrx_word' id='word_1_94' title='bbox 1124 1630 1257 1698; x_wconf 83' lang='lat' dir='ltr'>stabit&amp;</span> <span class='ocrx_word' id='word_1_95' title='bbox 1275 1627 1360 1698; x_wconf 86' lang='lat' dir='ltr'>orbis</span> 
     </span>
     <span class='ocr_line' id='line_1_15' title="bbox 485 1712 1175 1801; baseline 0.001 -21"><span class='ocrx_word' id='word_1_96' title='bbox 485 1714 649 1801; x_wconf 87' lang='lat' dir='ltr'>Machina,</span> <span class='ocrx_word' id='word_1_97' title='bbox 669 1716 732 1781; x_wconf 80' lang='lat' dir='ltr'>dux</span> <span class='ocrx_word' id='word_1_98' title='bbox 750 1716 840 1783; x_wconf 89' lang='lat' dir='ltr'>nobis</span> <span class='ocrx_word' id='word_1_99' title='bbox 855 1717 886 1783; x_wconf 78' lang='lat' dir='ltr'>dr</span> <span class='ocrx_word' id='word_1_100' title='bbox 902 1712 993 1782; x_wconf 87' lang='lat' dir='ltr'>Deus</span> <span class='ocrx_word' id='word_1_101' title='bbox 1011 1735 1091 1780; x_wconf 85' lang='lat' dir='ltr'>unus</span> <span class='ocrx_word' id='word_1_102' title='bbox 1109 1716 1175 1782; x_wconf 89' lang='lat' dir='ltr'>erit.</span> 
     </span>
    </p>
   </div>
   <div class='ocr_carea' id='block_1_3' title="bbox 577 1890 1066 1973">
    <p class='ocr_par' dir='ltr' id='par_1_3' title="bbox 577 1890 1066 1973">
     <span class='ocr_line' id='line_1_16' title="bbox 577 1890 1066 1973; baseline -0.008 -8"><span class='ocrx_word' id='word_1_103' title='bbox 577 1890 586 1909; x_wconf 81' lang='lat'>’</span> <span class='ocrx_word' id='word_1_104' title='bbox 651 1964 654 1973; x_wconf 86' lang='grc'>,</span> <span class='ocrx_word' id='word_1_105' title='bbox 709 1894 896 1969; x_wconf 87' lang='lat' dir='ltr'><strong>PSAL.</strong></span> <span class='ocrx_word' id='word_1_106' title='bbox 938 1897 1066 1966; x_wconf 83' lang='lat' dir='ltr'><strong>XLIX.</strong></span> 
     </span>
    </p>
   </div>
   <div class='ocr_carea' id='block_1_4' title="bbox 337 2042 1453 3896">
    <p class='ocr_par' dir='ltr' id='par_1_4' title="bbox 337 2042 1479 3896">
     <span class='ocr_line' id='line_1_17' title="bbox 509 2042 1336 2131; baseline -0.001 -14"><span class='ocrx_word' id='word_1_107' title='bbox 509 2049 605 2117; x_wconf 81' lang='lat' dir='ltr'>Ande</span> <span class='ocrx_word' id='word_1_108' title='bbox 617 2050 694 2115; x_wconf 86' lang='lat' dir='ltr'>meis</span> <span class='ocrx_word' id='word_1_109' title='bbox 711 2068 818 2115; x_wconf 88' lang='lat' dir='ltr'>aurem</span> <span class='ocrx_word' id='word_1_110' title='bbox 839 2047 978 2131; x_wconf 87' lang='lat' dir='ltr'>monitis,</span> <span class='ocrx_word' id='word_1_111' title='bbox 995 2042 1176 2131; x_wconf 76' lang='lat' dir='ltr'>quicunque</span> <span class='ocrx_word' id='word_1_112' title='bbox 1192 2049 1336 2116; x_wconf 79' lang='lat' dir='ltr'>¹virorum</span> 
     </span>
     <span class='ocr_line' id='line_1_18' title="bbox 548 2132 1139 2220; baseline -0.002 -19"><span class='ocrx_word' id='word_1_113' title='bbox 548 2136 665 2201; x_wconf 89' lang='lat' dir='ltr'>Incolis</span> <span class='ocrx_word' id='word_1_114' title='bbox 683 2132 778 2220; x_wconf 88' lang='lat' dir='ltr'>ans,</span> <span class='ocrx_word' id='word_1_115' title='bbox 794 2132 993 2215; x_wconf 86' lang='lat' dir='ltr'>Hesperiafve</span> <span class='ocrx_word' id='word_1_116' title='bbox 1011 2136 1139 2218; x_wconf 86' lang='lat' dir='ltr'>plagas:</span> 
     </span>
     <span class='ocr_line' id='line_1_19' title="bbox 410 2215 1202 2301; baseline 0.005 -23"><span class='ocrx_word' id='word_1_117' title='bbox 410 2230 428 2278; x_wconf 86' lang='lat'>2</span> <span class='ocrx_word' id='word_1_118' title='bbox 449 2218 638 2285; x_wconf 82' lang='lat' dir='ltr'>Auscultent</span> <span class='ocrx_word' id='word_1_119' title='bbox 654 2220 730 2286; x_wconf 86' lang='lat' dir='ltr'>clari</span> <span class='ocrx_word' id='word_1_120' title='bbox 747 2231 903 2301; x_wconf 85' lang='lat' dir='ltr'>proceres,</span> <span class='ocrx_word' id='word_1_121' title='bbox 922 2215 1058 2283; x_wconf 83' lang='lat' dir='ltr'>&amp;futile</span> <span class='ocrx_word' id='word_1_122' title='bbox 1071 2219 1202 2301; x_wconf 82' lang='lat' dir='ltr'>vulgus;</span> 
     </span>
     <span class='ocr_line' id='line_1_20' title="bbox 491 2301 1122 2386; baseline -0.008 -17"><span class='ocrx_word' id='word_1_123' title='bbox 491 2302 532 2369; x_wconf 89' lang='lat' dir='ltr'>Et</span> <span class='ocrx_word' id='word_1_124' title='bbox 549 2302 733 2385; x_wconf 78' lang='lat' dir='ltr'>quidivitiis</span> <span class='ocrx_word' id='word_1_125' title='bbox 755 2306 864 2386; x_wconf 85' lang='lat' dir='ltr'>pollet,</span> <span class='ocrx_word' id='word_1_126' title='bbox 881 2303 911 2367; x_wconf 80' lang='lat' dir='ltr'>dt</span> <span class='ocrx_word' id='word_1_127' title='bbox 928 2301 993 2366; x_wconf 87' lang='lat' dir='ltr'>aeris</span> <span class='ocrx_word' id='word_1_128' title='bbox 1013 2303 1122 2383; x_wconf 89' lang='lat' dir='ltr'>inops:</span> 
     </span>
     <span class='ocr_line' id='line_1_21' title="bbox 410 2383 1246 2473; baseline -0.005 -19"><span class='ocrx_word' id='word_1_129' title='bbox 410 2398 429 2465; x_wconf 82' lang='lat'><strong>3</strong></span> <span class='ocrx_word' id='word_1_130' title='bbox 451 2388 531 2473; x_wconf 78' lang='lat' dir='ltr'>Quae</span> <span class='ocrx_word' id='word_1_131' title='bbox 548 2392 671 2473; x_wconf 88' lang='lat' dir='ltr'>loquar,</span> <span class='ocrx_word' id='word_1_132' title='bbox 690 2406 820 2457; x_wconf 85' lang='lat' dir='ltr'>arcanos</span> <span class='ocrx_word' id='word_1_133' title='bbox 837 2386 970 2472; x_wconf 71' lang='lat' dir='ltr'>referans</span> <span class='ocrx_word' id='word_1_134' title='bbox 985 2384 1130 2469; x_wconf 83' lang='lat' dir='ltr'>sapientia</span> <span class='ocrx_word' id='word_1_135' title='bbox 1144 2383 1246 2450; x_wconf 88' lang='lat' dir='ltr'>fontes</span> 
     </span>
     <span class='ocr_line' id='line_1_22' title="bbox 491 2468 1299 2559; baseline -0.005 -20"><span class='ocrx_word' id='word_1_136' title='bbox 491 2472 639 2559; x_wconf 71' lang='lat' dir='ltr'>suggeret</span> <span class='ocrx_word' id='word_1_137' title='bbox 654 2494 664 2551; x_wconf 92' lang='lat'>;</span> <span class='ocrx_word' id='word_1_138' title='bbox 682 2472 746 2537; x_wconf 70' lang='lat' dir='ltr'>hec</span> <span class='ocrx_word' id='word_1_139' title='bbox 764 2473 871 2536; x_wconf 89' lang='lat' dir='ltr'>animo</span> <span class='ocrx_word' id='word_1_140' title='bbox 885 2475 1012 2536; x_wconf 84' lang='lat' dir='ltr'>volvere</span> <span class='ocrx_word' id='word_1_141' title='bbox 1027 2472 1122 2533; x_wconf 87' lang='lat' dir='ltr'>dulce</span> <span class='ocrx_word' id='word_1_142' title='bbox 1141 2469 1216 2531; x_wconf 86' lang='lat' dir='ltr'>mihi</span> <span class='ocrx_word' id='word_1_143' title='bbox 1233 2468 1299 2535; x_wconf 83' lang='lat' dir='ltr'>est:</span> 
     </span>
     <span class='ocr_line' id='line_1_23' title="bbox 410 2551 1124 2639; baseline -0.008 -16"><span class='ocrx_word' id='word_1_144' title='bbox 410 2564 432 2628; x_wconf 83' lang='lat'>4</span> <span class='ocrx_word' id='word_1_145' title='bbox 452 2555 538 2623; x_wconf 86' lang='lat' dir='ltr'>Setia</span> <span class='ocrx_word' id='word_1_146' title='bbox 553 2576 600 2620; x_wconf 88' lang='lat' dir='ltr'>res</span> <span class='ocrx_word' id='word_1_147' title='bbox 616 2555 738 2639; x_wconf 81' lang='lat' dir='ltr'>agitur3</span> <span class='ocrx_word' id='word_1_148' title='bbox 757 2568 842 2619; x_wconf 87' lang='lat' dir='ltr'>vates</span> <span class='ocrx_word' id='word_1_149' title='bbox 860 2558 988 2617; x_wconf 81' lang='lat' dir='ltr'>oracula</span> <span class='ocrx_word' id='word_1_150' title='bbox 1005 2551 1124 2635; x_wconf 71' lang='lat' dir='ltr'>pledro</span> 
     </span>
     <span class='ocr_line' id='line_1_24' title="bbox 493 2636 1205 2719; baseline 0.003 -20"><span class='ocrx_word' id='word_1_151' title='bbox 493 2636 670 2718; x_wconf 86' lang='lat' dir='ltr'>Persequar,</span> <span class='ocrx_word' id='word_1_152' title='bbox 688 2637 821 2701; x_wconf 87' lang='lat' dir='ltr'>intentus</span> <span class='ocrx_word' id='word_1_153' title='bbox 843 2638 985 2701; x_wconf 83' lang='lat' dir='ltr'>cantibus</span> <span class='ocrx_word' id='word_1_154' title='bbox 1004 2638 1065 2719; x_wconf 90' lang='lat' dir='ltr'>ipse</span> <span class='ocrx_word' id='word_1_155' title='bbox 1083 2637 1171 2701; x_wconf 85' lang='lat' dir='ltr'>meis.</span> <span class='ocrx_word' id='word_1_156' title='bbox 1201 2657 1205 2682; x_wconf 71' lang='lat'><strong><em>³</em></strong></span> 
     </span>
     <span class='ocr_line' id='line_1_25' title="bbox 411 2717 1302 2803; baseline 0.006 -21"><span class='ocrx_word' id='word_1_157' title='bbox 411 2729 432 2792; x_wconf 87' lang='lat'>5</span> <span class='ocrx_word' id='word_1_158' title='bbox 452 2717 520 2782; x_wconf 90' lang='lat' dir='ltr'>Cur</span> <span class='ocrx_word' id='word_1_159' title='bbox 536 2740 595 2803; x_wconf 82' lang='lat' dir='ltr'>ego</span> <span class='ocrx_word' id='word_1_160' title='bbox 610 2719 789 2803; x_wconf 87' lang='lat' dir='ltr'>formidem,</span> <span class='ocrx_word' id='word_1_161' title='bbox 806 2736 883 2784; x_wconf 90' lang='lat' dir='ltr'>cum</span> <span class='ocrx_word' id='word_1_162' title='bbox 901 2720 1045 2785; x_wconf 72' lang='lat' dir='ltr'>fluctibus</span> <span class='ocrx_word' id='word_1_163' title='bbox 1064 2723 1200 2803; x_wconf 87' lang='lat' dir='ltr'>undique</span> <span class='ocrx_word' id='word_1_164' title='bbox 1212 2720 1302 2787; x_wconf 83' lang='lat' dir='ltr'>vastis</span> 
     </span>
     <span class='ocr_line' id='line_1_26' title="bbox 455 2800 1213 2950; baseline 0.008 -87"><span class='ocrx_word' id='word_1_165' title='bbox 455 2858 457 2863; x_wconf 90' lang='lat'><em>.</em></span> <span class='ocrx_word' id='word_1_166' title='bbox 493 2802 624 2950; x_wconf 49' lang='lat' dir='ltr'>Cinpor,</span> <span class='ocrx_word' id='word_1_167' title='bbox 642 2804 672 2868; x_wconf 77' lang='lat' dir='ltr'>dc</span> <span class='ocrx_word' id='word_1_168' title='bbox 691 2801 708 2865; x_wconf 74' lang='lat' dir='ltr'>d</span> <span class='ocrx_word' id='word_1_169' title='bbox 723 2818 810 2889; x_wconf 84' lang='lat' dir='ltr'>tergo</span> <span class='ocrx_word' id='word_1_170' title='bbox 826 2800 958 2868; x_wconf 79' lang='lat' dir='ltr'><strong>vindicis</strong></span> <span class='ocrx_word' id='word_1_171' title='bbox 974 2805 1045 2869; x_wconf 88' lang='lat' dir='ltr'>ense</span> <span class='ocrx_word' id='word_1_172' title='bbox 1062 2806 1213 2887; x_wconf 83' lang='lat' dir='ltr'>premor?</span> 
     </span>
     <span class='ocr_line' id='line_1_27' title="bbox 410 2878 1268 2975; baseline 0.01 -31"><span class='ocrx_word' id='word_1_173' title='bbox 410 2878 432 2944; x_wconf 88' lang='lat'><strong>6</strong></span> <span class='ocrx_word' id='word_1_174' title='bbox 452 2884 545 2970; x_wconf 82' lang='lat' dir='ltr'>spem</span> <span class='ocrx_word' id='word_1_175' title='bbox 574 2902 647 2953; x_wconf 89' lang='lat' dir='ltr'>ocat</span> <span class='ocrx_word' id='word_1_176' title='bbox 663 2888 695 2951; x_wconf 92' lang='lat' dir='ltr'>in</span> <span class='ocrx_word' id='word_1_177' title='bbox 711 2887 826 2953; x_wconf 88' lang='lat' dir='ltr'>loculis</span> <span class='ocrx_word' id='word_1_178' title='bbox 842 2886 964 2954; x_wconf 89' lang='lat' dir='ltr'>animus</span> <span class='ocrx_word' id='word_1_179' title='bbox 982 2884 1126 2955; x_wconf 85' lang='lat' dir='ltr'>mortalia</span> <span class='ocrx_word' id='word_1_180' title='bbox 1141 2902 1268 2975; x_wconf 83' lang='lat' dir='ltr'>curans,</span> 
     </span>
     <span class='ocr_line' id='line_1_28' title="bbox 495 2970 1101 3058; baseline 0.01 -25"><span class='ocrx_word' id='word_1_181' title='bbox 495 2970 594 3051; x_wconf 72' lang='lat' dir='ltr'>Jactat</span> <span class='ocrx_word' id='word_1_182' title='bbox 611 2973 641 3039; x_wconf 79' lang='lat' dir='ltr'>dr</span> <span class='ocrx_word' id='word_1_183' title='bbox 657 2972 794 3057; x_wconf 84' lang='lat' dir='ltr'>ingentes</span> <span class='ocrx_word' id='word_1_184' title='bbox 809 2974 987 3040; x_wconf 87' lang='lat' dir='ltr'>ambitiosus</span> <span class='ocrx_word' id='word_1_185' title='bbox 1005 2994 1078 3058; x_wconf 89' lang='lat' dir='ltr'>opes</span> <span class='ocrx_word' id='word_1_186' title='bbox 1091 2996 1101 3054; x_wconf 88' lang='lat'>;</span> 
     </span>
     <span class='ocr_line' id='line_1_29' title="bbox 413 3052 1232 3142; baseline -0.005 -17"><span class='ocrx_word' id='word_1_187' title='bbox 413 3062 432 3131; x_wconf 89' lang='lat'>7</span> <span class='ocrx_word' id='word_1_188' title='bbox 452 3052 534 3125; x_wconf 92' lang='lat' dir='ltr'>Non</span> <span class='ocrx_word' id='word_1_189' title='bbox 548 3070 653 3121; x_wconf 89' lang='lat' dir='ltr'>tamen</span> <span class='ocrx_word' id='word_1_190' title='bbox 661 3057 707 3122; x_wconf 89' lang='lat' dir='ltr'>his</span> <span class='ocrx_word' id='word_1_191' title='bbox 718 3054 815 3123; x_wconf 88' lang='lat' dir='ltr'>frater</span> <span class='ocrx_word' id='word_1_192' title='bbox 829 3060 978 3142; x_wconf 83' lang='lat' dir='ltr'>prevenit</span> <span class='ocrx_word' id='word_1_193' title='bbox 993 3058 1103 3123; x_wconf 80' lang='lat' dir='ltr'>funera</span> <span class='ocrx_word' id='word_1_194' title='bbox 1118 3056 1232 3138; x_wconf 86' lang='lat' dir='ltr'>fratris,</span> 
     </span>
     <span class='ocr_line' id='line_1_30' title="bbox 496 3136 1122 3227; baseline 0.008 -24"><span class='ocrx_word' id='word_1_195' title='bbox 496 3136 571 3204; x_wconf 86' lang='lat' dir='ltr'>Nec</span> <span class='ocrx_word' id='word_1_196' title='bbox 588 3140 686 3224; x_wconf 89' lang='lat' dir='ltr'>pretio</span> <span class='ocrx_word' id='word_1_197' title='bbox 702 3141 782 3208; x_wconf 63' lang='lat' dir='ltr'>decii</span> <span class='ocrx_word' id='word_1_198' title='bbox 799 3143 934 3209; x_wconf 90' lang='lat' dir='ltr'>numinis</span> <span class='ocrx_word' id='word_1_199' title='bbox 951 3144 997 3207; x_wconf 86' lang='lat' dir='ltr'>ira</span> <span class='ocrx_word' id='word_1_200' title='bbox 1006 3143 1122 3227; x_wconf 86' lang='lat' dir='ltr'>potest:</span> 
     </span>
     <span class='ocr_line' id='line_1_31' title="bbox 412 3214 1209 3310; baseline 0.004 -26"><span class='ocrx_word' id='word_1_201' title='bbox 412 3214 432 3284; x_wconf 84' lang='lat'>8</span> <span class='ocrx_word' id='word_1_202' title='bbox 455 3225 528 3292; x_wconf 84' lang='lat' dir='ltr'>Vita</span> <span class='ocrx_word' id='word_1_203' title='bbox 538 3227 646 3305; x_wconf 90' lang='lat' dir='ltr'>nequit</span> <span class='ocrx_word' id='word_1_204' title='bbox 660 3226 743 3309; x_wconf 83' lang='lat' dir='ltr'>gazis</span> <span class='ocrx_word' id='word_1_205' title='bbox 761 3226 883 3310; x_wconf 86' lang='lat' dir='ltr'>redimi,</span> <span class='ocrx_word' id='word_1_206' title='bbox 899 3228 1072 3310; x_wconf 89' lang='lat' dir='ltr'>pernicibus</span> <span class='ocrx_word' id='word_1_207' title='bbox 1090 3226 1149 3291; x_wconf 80' lang='lat' dir='ltr'>alis</span> <span class='ocrx_word' id='word_1_208' title='bbox 1202 3294 1209 3306; x_wconf 45' lang='grc'><em>,</em></span> 
     </span>
     <span class='ocr_line' id='line_1_32' title="bbox 497 3306 1052 3393; baseline -0.004 -19"><span class='ocrx_word' id='word_1_209' title='bbox 497 3308 557 3374; x_wconf 85' lang='lat' dir='ltr'>Illa</span> <span class='ocrx_word' id='word_1_210' title='bbox 578 3306 657 3393; x_wconf 85' lang='lat' dir='ltr'>fugit</span> <span class='ocrx_word' id='word_1_211' title='bbox 670 3312 761 3372; x_wconf 91' lang='lat' dir='ltr'>nullo</span> <span class='ocrx_word' id='word_1_212' title='bbox 775 3311 958 3382; x_wconf 80' lang='lat' dir='ltr'>restituenda</span> <span class='ocrx_word' id='word_1_213' title='bbox 978 3312 1052 3377; x_wconf 86' lang='lat' dir='ltr'>die:</span> 
     </span>
     <span class='ocr_line' id='line_1_33' title="bbox 411 3390 1155 3471; baseline -0.015 -9"><span class='ocrx_word' id='word_1_214' title='bbox 411 3404 434 3470; x_wconf 90' lang='lat'>9</span> <span class='ocrx_word' id='word_1_215' title='bbox 453 3390 530 3461; x_wconf 79' lang='lat' dir='ltr'>AEre</span> <span class='ocrx_word' id='word_1_216' title='bbox 547 3410 606 3457; x_wconf 87' lang='lat' dir='ltr'>nee</span> <span class='ocrx_word' id='word_1_217' title='bbox 623 3392 729 3455; x_wconf 88' lang='lat' dir='ltr'>oblato</span> <span class='ocrx_word' id='word_1_218' title='bbox 745 3392 828 3467; x_wconf 88' lang='lat' dir='ltr'>feros</span> <span class='ocrx_word' id='word_1_219' title='bbox 844 3393 1029 3456; x_wconf 82' lang='lat' dir='ltr'>mercaberis</span> <span class='ocrx_word' id='word_1_220' title='bbox 1046 3402 1155 3471; x_wconf 80' lang='lat' dir='ltr'>annos,</span> 
     </span>
     <span class='ocr_line' id='line_1_34' title="bbox 497 3472 1193 3543; baseline -0.007 0"><span class='ocrx_word' id='word_1_221' title='bbox 497 3473 593 3543; x_wconf 87' lang='lat' dir='ltr'>Dona</span> <span class='ocrx_word' id='word_1_222' title='bbox 608 3494 666 3541; x_wconf 87' lang='lat' dir='ltr'>nec</span> <span class='ocrx_word' id='word_1_223' title='bbox 680 3472 811 3539; x_wconf 82' lang='lat' dir='ltr'>admittit</span> <span class='ocrx_word' id='word_1_224' title='bbox 828 3474 936 3540; x_wconf 83' lang='lat' dir='ltr'>mortis</span> <span class='ocrx_word' id='word_1_225' title='bbox 953 3492 1044 3539; x_wconf 82' lang='lat' dir='ltr'>avara</span> <span class='ocrx_word' id='word_1_226' title='bbox 1060 3490 1193 3538; x_wconf 85' lang='lat' dir='ltr'>manus:</span> 
     </span>
     <span class='ocr_line' id='line_1_35' title="bbox 337 3554 1453 3643; baseline 0.005 -24"><span class='ocrx_word' id='word_1_227' title='bbox 337 3631 341 3637; x_wconf 25' lang='lat'>¹</span> <span class='ocrx_word' id='word_1_228' title='bbox 413 3574 454 3619; x_wconf 89' lang='lat'>10</span> <span class='ocrx_word' id='word_1_229' title='bbox 474 3558 561 3623; x_wconf 89' lang='lat' dir='ltr'>Cum</span> <span class='ocrx_word' id='word_1_230' title='bbox 578 3560 665 3627; x_wconf 85' lang='lat' dir='ltr'>fatuo</span> <span class='ocrx_word' id='word_1_231' title='bbox 680 3560 811 3642; x_wconf 88' lang='lat' dir='ltr'>prudens</span> <span class='ocrx_word' id='word_1_232' title='bbox 830 3558 972 3643; x_wconf 86' lang='lat' dir='ltr'>moritur,</span> <span class='ocrx_word' id='word_1_233' title='bbox 989 3574 1064 3623; x_wconf 89' lang='lat' dir='ltr'>cum</span> <span class='ocrx_word' id='word_1_234' title='bbox 1083 3574 1214 3642; x_wconf 82' lang='lat' dir='ltr'>paupere</span> <span class='ocrx_word' id='word_1_235' title='bbox 1229 3554 1342 3640; x_wconf 86' lang='lat' dir='ltr'>dives;</span> <span class='ocrx_word' id='word_1_236' title='bbox 1450 3598 1453 3604; x_wconf 93' lang='lat'><em>·</em></span> 
     </span>
     <span class='ocr_line' id='line_1_36' title="bbox 504 3640 1342 3727; baseline 0.007 -22"><span class='ocrx_word' id='word_1_237' title='bbox 504 3640 578 3705; x_wconf 89' lang='lat' dir='ltr'>Nec</span> <span class='ocrx_word' id='word_1_238' title='bbox 599 3662 700 3725; x_wconf 83' lang='lat' dir='ltr'>mora,</span> <span class='ocrx_word' id='word_1_239' title='bbox 715 3660 794 3727; x_wconf 81' lang='lat' dir='ltr'>quos</span> <span class='ocrx_word' id='word_1_240' title='bbox 814 3642 957 3724; x_wconf 77' lang='lat' dir='ltr'>linquunt</span> <span class='ocrx_word' id='word_1_241' title='bbox 975 3656 1109 3727; x_wconf 87' lang='lat' dir='ltr'>occupat</span> <span class='ocrx_word' id='word_1_242' title='bbox 1127 3644 1205 3705; x_wconf 84' lang='lat' dir='ltr'>alter</span> <span class='ocrx_word' id='word_1_243' title='bbox 1224 3660 1342 3725; x_wconf 84' lang='lat' dir='ltr'>agros:</span> 
     </span>
     <span class='ocr_line' id='line_1_37' title="bbox 390 3722 1357 3811; baseline 0 -18"><span class='ocrx_word' id='word_1_244' title='bbox 390 3748 393 3761; x_wconf 61' lang='lat'><em>¹</em></span> <span class='ocrx_word' id='word_1_245' title='bbox 413 3746 449 3793; x_wconf 85' lang='grc' dir='ltr'>ιι</span> <span class='ocrx_word' id='word_1_246' title='bbox 472 3722 584 3789; x_wconf 85' lang='lat' dir='ltr'>Nemo</span> <span class='ocrx_word' id='word_1_247' title='bbox 601 3728 653 3791; x_wconf 86' lang='lat' dir='ltr'>fibi</span> <span class='ocrx_word' id='word_1_248' title='bbox 671 3747 736 3793; x_wconf 90' lang='lat' dir='ltr'>non</span> <span class='ocrx_word' id='word_1_249' title='bbox 752 3725 880 3811; x_wconf 84' lang='lat' dir='ltr'>spondet</span> <span class='ocrx_word' id='word_1_250' title='bbox 895 3744 970 3811; x_wconf 91' lang='lat' dir='ltr'>opes</span> <span class='ocrx_word' id='word_1_251' title='bbox 985 3728 1153 3809; x_wconf 90' lang='lat' dir='ltr'>titulosque</span> <span class='ocrx_word' id='word_1_252' title='bbox 1170 3742 1317 3808; x_wconf 86' lang='lat' dir='ltr'>perennes</span> <span class='ocrx_word' id='word_1_253' title='bbox 1331 3729 1357 3807; x_wconf 79' lang='lat'>;¹</span> 
     </span>
     <span class='ocr_line' id='line_1_38' title="bbox 496 3807 1179 3896; baseline 0.003 -22"><span class='ocrx_word' id='word_1_254' title='bbox 496 3807 557 3874; x_wconf 87' lang='lat' dir='ltr'>Sed</span> <span class='ocrx_word' id='word_1_255' title='bbox 571 3809 679 3874; x_wconf 89' lang='lat' dir='ltr'>titulos</span> <span class='ocrx_word' id='word_1_256' title='bbox 699 3814 729 3878; x_wconf 81' lang='lat' dir='ltr'>dr</span> <span class='ocrx_word' id='word_1_257' title='bbox 746 3832 820 3896; x_wconf 89' lang='lat' dir='ltr'>opes</span> <span class='ocrx_word' id='word_1_258' title='bbox 836 3829 920 3877; x_wconf 90' lang='lat' dir='ltr'>mors</span> <span class='ocrx_word' id='word_1_259' title='bbox 939 3811 1062 3895; x_wconf 87' lang='lat' dir='ltr'>inopina</span> <span class='ocrx_word' id='word_1_260' title='bbox 1080 3813 1179 3895; x_wconf 83' lang='lat' dir='ltr'>rapit:</span> 
     </span>
    </p>
   </div>
   <div class='ocr_carea' id='block_1_5' title="bbox 304 3887 1389 4148">
    <p class='ocr_par' dir='ltr' id='par_1_5' title="bbox 304 3887 1389 4148">
     <span class='ocr_line' id='line_1_39' title="bbox 391 3887 1302 3979; baseline 0.005 -25"><span class='ocrx_word' id='word_1_261' title='bbox 391 3948 394 3955; x_wconf 89' lang='lat'>.</span> <span class='ocrx_word' id='word_1_262' title='bbox 413 3916 451 3963; x_wconf 73' lang='grc' dir='ltr'><strong>η</strong></span> <span class='ocrx_word' id='word_1_263' title='bbox 472 3891 525 3961; x_wconf 84' lang='lat' dir='ltr'>Est</span> <span class='ocrx_word' id='word_1_264' title='bbox 540 3887 686 3977; x_wconf 82' lang='lat' dir='ltr'>firgitivus</span> <span class='ocrx_word' id='word_1_265' title='bbox 706 3898 818 3979; x_wconf 87' lang='lat' dir='ltr'>honos,</span> <span class='ocrx_word' id='word_1_266' title='bbox 835 3897 1035 3978; x_wconf 71' lang='lat' dir='ltr'>&amp;quotquot</span> <span class='ocrx_word' id='word_1_267' title='bbox 1050 3896 1204 3962; x_wconf 80' lang='lat' dir='ltr'>nascimur</span> <span class='ocrx_word' id='word_1_268' title='bbox 1221 3892 1302 3959; x_wconf 72' lang='lat' dir='ltr'>Aua</span> 
     </span>
     <span class='ocr_line' id='line_1_40' title="bbox 304 3975 1389 4148; baseline -0.002 -100"><span class='ocrx_word' id='word_1_269' title='bbox 304 3990 306 3995; x_wconf 85' lang='grc'><strong><em>·</em></strong></span> <span class='ocrx_word' id='word_1_270' title='bbox 389 4051 410 4071; x_wconf 31' lang='grc' dir='ltr'>ι,</span> <span class='ocrx_word' id='word_1_271' title='bbox 492 3975 629 4063; x_wconf 58' lang='lat' dir='ltr'>Seniue,</span> <span class='ocrx_word' id='word_1_272' title='bbox 645 3978 882 4068; x_wconf 73' lang='lat' dir='ltr'>quadrupedum</span> <span class='ocrx_word' id='word_1_273' title='bbox 898 3998 987 4051; x_wconf 86' lang='lat' dir='ltr'>more</span> <span class='ocrx_word' id='word_1_274' title='bbox 1003 3983 1102 4071; x_wconf 84' lang='lat' dir='ltr'>perite</span> <span class='ocrx_word' id='word_1_275' title='bbox 1117 3978 1225 4047; x_wconf 87' lang='lat' dir='ltr'>vides:</span> <span class='ocrx_word' id='word_1_276' title='bbox 1240 4080 1279 4148; x_wconf 62' lang='lat'>13</span> <span class='ocrx_word' id='word_1_277' title='bbox 1294 3998 1389 4135; x_wconf 53' lang='lat' dir='ltr'>vam</span> 
     </span>
    </p>
   </div>
   <div class='ocr_carea' id='block_1_6' title="bbox 0 0 1577 4842">
    <p class='ocr_par' dir='ltr' id='par_1_6' title="bbox 0 0 1577 4842">
     <span class='ocr_line' id='line_1_41' title="bbox 0 0 1577 4842; baseline 0 0"><span class='ocrx_word' id='word_1_278' title='bbox 0 0 1577 4842; x_wconf 95' lang='lat' dir='ltr'> </span> 
     </span>
    </p>
   </div>
  </div>
 </body>
</html>
