3125 4842
375 467 489 576 'xviii
594 464 1209 573 PRAEFATIO.

362 671 450 784 flio
469 689 649 760 carmen,
660 662 867 750 heroicum
883 662 1015 774 plane
1031 663 1154 762 illul,
1164 665 1376 774 sublimi·

376 807 457 897 que
472 774 633 864 dicendi
648 799 800 890 genere
824 775 940 890 longi
962 775 1240 890 conspicuum)
1261 803 1373 860 ear·

282 879 317 958 .
373 899 489 978 onina
523 884 636 968 nullo
657 910 734 968 non
769 885 880 970 dotti
903 885 1134 997 pulerique
1144 889 1370 994 poimatis

373 997 572 1085 lenocinio
601 1015 914 1108 ornamentoque
940 995 1098 1096 nitent.
1140 997 1223 1080 Sed
1254 999 1375 1110 quid

373 1106 544 1194 dicant
634 1109 713 1190 uod
732 1109 988 1216 precipuas,
1055 1107 1177 1190 uibus
1200 1107 1369 1191 Ethai·

372 1243 514 1301 corum
535 1234 597 1330 pa
626 1245 682 1304 om
713 1217 871 1320 referti
890 1219 995 1324 stunt
1022 1133 1143 1311 iibri,
1174 1217 1370 1301 Veneres

371 1329 1369 1551 {itsff'fflss'ffls'i'iss'‘millitis‘'lts}

374 1553 504 1635 etiam
530 1551 716 1634 iutelles
738 1548 1002 1661 integrasque
1030 1551 1218 1643 relitins,
1251 1553 1364 1631 mul-

372 1663 415 1743 ti
438 1666 672 1771 opinentur.
699 1657 911 1772 thuenb
932 1661 1086 1742 ceteris
1101 1661 1367 1766 recensendis

373 1773 605 1877 abstineam,
637 1768 756 1882 quod,
783 1773 928 1882 quase,
954 1771 1030 1852 vel
1050 1773 1165 1852 inter
1189 1771 1365 1854 Grecos

373 1898 452 1966 aut
476 1879 670 1964 Latinos»
681 1883 917 1990 scriptores
958 1907 1120 1963 carmen
1161 1881 1237 1964 vel
1254 1881 1360 1990 pri·

372 1985 427 2074 us
443 1997 517 2075 vel
527 1991 732 2100 posterius
750 1993 1007 2073 canticorum
1035 1990 1166 2099 Mosts
1200 1994 1359 2072 oratia-

375 2104 508 2184 tionis
523 2099 836 2216 magnificentia*
855 2104 1130 2211 nonsuperat‚
1155 2101 1261 2196 dico,
1278 2100 1363 2208 sed

377 2211 595 2326 lougiffimo
604 2213 807 2326 stequitur
822 2212 1087 2295 intervallo?
1114 2211 1247 2324 Cujus
1259 2219 1360 2294 viri

366 2323 548 2430 sublime
571 2321 734 2406 dicendi
749 2350 881 2437 genus
914 2325 1000 2434 ipse
1022 2321 1250 2437 Longinus,
1282 2348 1360 2413 au·

368 2436 482 2528 aior,
502 2435 549 2538 st
558 2437 772 2546 quisquam
793 2435 920 2525 alius,
944 2435 1137 2540 locuples,
1166 2435 1294 2516 etium
1311 2460 1359 2514 u·

372 2544 421 2625 bi
437 2543 540 2622 hauc
558 2569 643 2624 rem
666 2569 720 2622 en
740 2558 825 2648 pro
846 2546 919 2643 effu
946 2543 1125 2637 trallae,
1150 2569 1226 2625 nou
1250 2540 1360 2651 ttffi·

376 2666 510 2736 tetur.
546 2650 621 2732 Ad
634 2649 828 2732 Boilavii
842 2651 959 2732 certe*
974 2652 1241 2755 refellendam
1258 2659 1358 2762 sin·-

376 2761 556 2847 tentiam
578 2762 693 2866 settis
717 2766 793 2863 effe
819 2760 1010 2845 arbitror
1039 2764 1270 2875 sequentia
1288 2763 1359 2845 do„

378 2871 659 2983 tiriolotque
667 2872 837 2982 pietate
854 2870 1076 2981 illustrium
1089 2878 1356 2958 virorumno·

376 2982 575 3088 minooel
596 2984 832 3089 receufl’re3
871 2982 1152 3066 Prudentium
1164 2985 1351 3091 scilicet,
1456 3005 1470 3087 χ

378 3091 633 3201 Juveneum,
654 3093 1255 3207 GregoriumNoziauzeuum,
1280 3092 1354 3188 Se·

378 3203 538 3286 dulium
555 3205 682 3287 etiam
698 3203 878 3299 Scotum,
897 3206 1186 3314 Apollinarem
1196 3204 1349 3288 Laodi·
1469 3262 1470 3283 ,

372 3317 785 3425 oenum‚psalmorum
793 3317 1353 3424 DavidistGrecisverfibus
1469 3402 1470 3405 ,

377 3427 667 3533 interpretem,
705 3424 874 3538 ejusque
899 3427 1086 3508 amulum
1107 3426 1350 3536 Dionyfium

377 3536 631 3629 Petavium,
657 3532 905 3648 Scaligeros,
942 3535 1114 3643 Julium
1146 3563 1197 3618 oc
1230 3539 1350 3646 Jose·

364 3642 511 3758 phum,
532 3647 607 3749 sui
628 3663 849 3757 utrumque
866 3645 964 3728 olim
979 3647 1066 3729 evi
1090 3649 1348 3744 miraculum,

372 3753 576 3862 Jacoboum
593 3759 718 3839 etiam
744 3755 968 3868 Augustum
990 3755 1217 3853 Theatrum,
1252 3761 1347 3841 illu·

361 3862 596 3976 striffimum
616 3864 879 3971 historiarum
891 3867 968 3972 sui
988 3871 1186 3977 temporis
1213 3871 1349 3951 eondi-

372 3992 516 4082 porum,
544 3976 677 4089 qui&
704 3976 859 4062 librum
878 3974 985 4086 Jott
1009 4004 1103 4076 eum
1126 3979 1349 4194 Solhumff

363 4123 367 4134 '
1218 4115 1261 4173 CC
1281 4117 1346 4172 llo
