3125 4842
405 403 955 590 nen-reama.
1153 481 1206 588 n

213 649 406 756 mendes
437 658 592 751 atati?
652 648 806 779 Quod
844 656 1028 753 utinam
1064 651 1202 759 falla-
1352 629 1356 650 ⁸

215 801 260 893 ¹ci
274 789 373 890 hoc
395 789 674 927 lubricoque
687 786 843 890 seculo
857 790 1010 929 plures
1036 786 1201 934 seque·
1303 850 1306 855 >

207 933 404 1031 rentur!
453 928 613 1028 Multo
665 927 880 1068 profesto
925 931 1094 1031 melitis
1128 969 1201 1037 res

209 1063 504 1170 sehumanai
538 1061 780 1168 haberent.
854 1066 997 1169 Nihil
1043 1072 1200 1180 dicam

208 1208 271 1310 de
295 1212 409 1308 Tua
431 1207 678 1346 dignitate,
707 1215 757 1304 in
785 1241 877 1346 qua
901 1204 964 1308 fic
987 1208 1194 1340 versaris,

208 1379 264 1449 ut
313 1346 557 1448 honorum
592 1343 821 1446 illecebrae
858 1383 915 1446 ac
936 1347 1193 1478 lenocinia,

209 1525 317 1628 quae
352 1517 586 1588 excaecant
622 1522 677 1586 ac
714 1515 990 1626 pervertunt
1014 1520 1194 1593 cetero-

208 1657 320 1728 rum
333 1659 532 1752 mentes,
554 1624 717 1726 oculos
743 1656 849 1726 tuos
877 1663 936 1726 ne
957 1625 1194 1764 praestrin«
1309 1662 1318 1672 “

208 1799 330 1905 gant
353 1767 561 1908 quidem.
634 1769 758 1897 Quae
783 1775 899 1866 verb
914 1766 1194 1906 propenfior
1322 1814 1324 1819 ·

207 1905 300 2006 fuit
334 1943 558 2045 umquam
580 1902 831 2006 liberalitas
856 1915 908 2006 i'n
944 1910 1191 2009 calamito-

207 2040 286 2142 sos
320 2052 464 2180 quam
510 2049 649 2146 Tua.>
701 2049 819 2175 Qud
854 2044 1189 2185 copiosrsstmot
1295 2119 1302 2137 ·

211 2188 312 2279 auri
361 2191 635 2317 argentique
670 2181 927 2308 thesauros,
966 2182 1062 2284 usui
1101 2189 1189 2286 ali⁴

248 2319 405 2420 nando
421 2318 620 2441 futuros,
637 2317 756 2415 Tibi
782 2328 834 2416 in
861 2322 991 2417 caelis
1014 2358 1189 2420 recon-

208 2354 295 2556 lis.
371 2457 522 2587 Quod
556 2451 822 2592 praesentius
845 2453 1067 2594 oppreffae
1090 2466 1188 2558 vir·

207 2605 297 2695 tuti
322 2595 610 2733 praesidium?
648 2598 863 2694 Tantum
881 2595 1186 2736 profestum
1334 2684 1336 2691 ,

205 2744 346 2836 variis
376 2733 582 2834 cladibus
608 2769 663 2834 aa
688 2729 883 2834 miseriis
898 2736 1022 2837 male
1046 2733 1185 2838 habi·-

205 2882 261 2998 ti,
290 2867 563 3012 injuriisque
599 2880 769 2995 vexati,
810 2873 869 2974 ad
894 2871 1183 3005 Te‘statim,

203 3044 446 3154 tamquam
476 3013 533 3110 ad
560 3008 856 3114 certissimum
883 3010 1076 3152 asylum,
1093 3050 1182 3152 pu-

204 3147 477 3288 blicumque
491 3149 748 3274 vindicem,
766 3185 854 3248 nec
869 3147 1035 3251 frustra
1050 3147 1180 3278 sane,

129 3367 132 3372 -
202 3290 487 3430 perfugiant.
550 3295 722 3428 Neque
755 3285 1084 3426 injustiinstar
1102 3298 1182 3426 ju-

200 3428 337 3552 dicis,
365 3465 461 3566 quo
487 3427 544 3528 de
569 3428 785 3567 legimus,
821 3435 891 3526 uti
925 3419 1065 3526 facias
1090 3427 1179 3528 ob-

79 3677 81 3684 ?
199 3567 467 3666 tundendas
483 3603 560 3692 es3
601 3573 717 3708 quin
743 3567 870 3668 ultro
894 3563 959 3690 id,
976 3561 1181 3708 Tuiq'ne

79 3703 128 3740 ”
197 3700 385 3844 sponte,
422 3713 607 3846 rvixque
654 3735 864 3846 rogatus,
910 3711 1037 3845 agis:
1078 3743 1181 3848 quae
1252 3777 1256 3785 ι

107 3865 110 3872 “
197 3843 417 3984 profesto
465 3847 698 3986 proclivis
748 3843 1079 3948 benevolentia
1123 3876 1182 3950 ac

194 3979 518 4106 misericordia
544 3985 601 4094 ad
636 3981 890 4232 egelestem,
916 3981 1183 4222 bapteffiam

1046 4160 1067 4229 1
1105 4153 1184 4231 am
