3125 4842
371 445 412 529 χι
674 431 840 512 Aedium
861 432 1042 535 Jonstonas

375 597 431 670 Sic
449 595 558 684 Maro,
578 599 620 668 lic
636 595 787 678 Flaccus,
806 595 848 660 iic
862 594 938 662 vicit
951 593 1044 664 Naso
1058 599 1247 690 magistrum,

416 685 544 770 Quique
559 681 643 748 cauit
658 680 762 778 §tajo
778 679 927 768 Pergam
942 681 1175 827 cafrptadolo...
1314 741 1319 750 .
1362 755 1370 773 ἱ

337 799 340 802 -
371 765 439 837 ch
456 785 595 850 quoque,
612 783 667 848 qur
682 781 797 848 magno
812 763 951 829 dextram
978 765 1110 833 ormavit
1120 767 1242 856 Apelli,

415 851 529 926 villu
546 846 687 932 Apellcl
703 847 838 918 creditur
854 846 914 932 ipse
930 865 1036 918 manu.
1232 861 1235 867 ’

372 931 489 1002 clarus
504 946 580 1016 erat,
600 931 737 1014 quisquis
751 929 860 998 docuit
873 950 960 998 mare
976 933 1093 1001 findere
1108 931 1247 1028 Typbin,

413 1015 457 1084 Et
471 1013 591 1082 versate
607 1017 690 1081 lever
706 1013 943 1088 Automedonta
959 1031 1053 1091 rotas,
1164 1025 1167 1031 '

371 1094 489 1170 Debita
504 1097 560 1164 sed
575 1099 738 1184 postquani
754 1097 838 1163 venit
854 1097 1003 1166 tironibus
1020 1095 1107 1188 atasss

417 1179 585 1268 Discipulo
600 1183 702 1250 minor
718 1182 760 1248 est
774 1179 876 1270 fadus
895 1198 1023 1266 uterque
1038 1185 1108 1250 suot
1220 1263 1225 1272 .

369 1257 455 1340 Non
470 1279 573 1335 huten
590 1265 748 1352 impatiens
765 1265 875 1331 indulfi
893 1267 1023 1332 trilhbus
1039 1268 1103 1355 iris,

413 1345 489 1416 Nec
505 1351 580 1417 rnihi
596 1365 627 1418 te
642 1351 731 1446 dolui
748 1347 930 1497 preripuille
946 1349 1054 1418 decus.

370 1429 477 1522 Abit!
497 1449 532 1500 ut
547 1434 682 1502 invideat
697 1433 819 1520 juvenis
862 1433 986 1500 hocaeus
1004 1433 1120 1521 Oresti,

416 1513 607 1604 Perithoum,
626 1513 764 1598 Theseu,
783 1519 835 1582 vel
851 1531 922 1583 tuus
938 1533 1008 1584 urat
1022 1520 1133 1592 honos.
1181 1586 1182 1595 ,

370 1600 473 1674 Absit!
496 1618 529 1668 ut
540 1601 667 1686 Euryali
683 1601 774 1665 rebus
791 1599 963 1689 macresttt
979 1603 1093 1686 opimis

411 1681 523 1769 Nisus,
543 1683 750 1752 &offendant
766 1681 895 1751 Callora
907 1683 1009 1752 fratria
1026 1705 1114 1772 opes.

370 1765 472 1838 Livor
489 1771 568 1834 iners
584 1767 694 1834 animis
711 1769 835 1836 nonest
852 1769 1029 1841 coeleiiibuu
1046 1785 1152 1855 aptus3
1280 1796 1284 1805 ·

414 1848 490 1916 Nec
504 1851 565 1918 fuit
582 1851 640 1917 hic
658 1853 758 1918 noster
773 1853 843 1916 labe
859 1867 982 1920 notatu
999 1869 1098 1920 amor.

371 1934 482 2018 Hunc,
501 1939 612 2018 procul
629 1933 740 2018 Idalio,
759 1938 870 2002 teneris
886 1939 919 2002 in
934 1936 1089 2005 mentibus
1104 1936 1167 2022 ipse

326 2071 330 2080 .
413 2017 571 2086 Accendit
587 2018 676 2084 radiis
694 2019 830 2089 Phoebuc
849 2021 971 2102 Apollo
985 2019 1058 2086 suin
1077 2041 1081 2047 ’

371 2096 454 2168 Non
470 2106 581 2184 procul
598 2103 670 2168 hinc
686 2121 779 2186 mons
796 2104 849 2188 cll,
867 2103 960 2174 fellus
976 2123 1070 2188 quem
1150 2101 1169 2168 ὲ
1183 2105 1307 2192 jugales

414 2184 516 2252 Solvit
529 2187 561 2252 in
576 2186 709 2271 hesperia
727 2186 863 2255 Phoebus
877 2191 1003 2256 aubelus
1019 2209 1082 2271 aqu
1104 2237 1112 2254 .

296 2279 306 2292 '
372 2265 493 2336 Testus
510 2284 574 2338 erat
591 2271 751 2354 quondam
769 2273 861 2358 ulvis,
881 2292 964 2348 nunc
982 2290 1087 2357 praeter
1103 2271 1194 2338 erice

414 2355 576 2438 Gramina,
596 2355 641 2422 nil
659 2355 807 2444 scopulos
824 2358 903 2424 inter
920 2359 951 2424 dc
966 2372 1053 2422 antra
1067 2356 1166 2436 vides.¹

373 2437 631 2589 Higjusjssfli‘ll‘)
645 2442 925 2538 letantesovertice,
945 2439 1065 2536 Phoebo

371 2521 896 2702 Husspeegrgalpffiugnefflu
932 2542 1058 2690 ingriplaa
1073 2609 1220 2693 vocabar,

414 2685 571 2770 Delphrca
587 2705 670 2752 nunc
687 2707 791 2772 rupes,
809 2709 893 2754 nunc
904 2690 1171 2759 Heliconiserat.·

374 2769 463 2854 sapt
481 2772 658 2853 petebamus
674 2771 795 2840 vicinos
812 2774 947 2839 collibus
963 2775 1081 2860 amnui,

417 2855 483 2939 Qui
500 2853 554 2918 tibi
570 2854 664 2919 natali
681 2873 745 2921 non
761 2861 872 2940 procul
893 2860 967 2922 urbe
983 2861 1093 2926 fluunt.

374 2939 439 3018 Hic
456 2937 687 3025 Aganippaeam‚
707 2940 799 3006 dabat
816 2940 865 3005 hic
884 2940 1076 3009 Permelsrdis
1091 2941 1220 3027 undam,

416 3021 458 3090 Et
474 3041 678 3106 quacumque
693 3023 803 3090 sonans
822 3025 950 3091 flumina
966 3027 1080 3092 Phocis
1094 3029 1193 3092 habet.

375 3105 510 3176 Phoebus
531 3107 644 3190 ubique
657 3105 729 3191 fuit,
739 3109 857 3192 specus
874 3110 978 3176 omnis
994 3111 1151 3194 Apollinis
1166 3121 1303 3196 antrum,

417 3191 572 3277 Qualibet
586 3190 748 3255 Ascraeum
763 3193 889 3275 praebuit
905 3198 1016 3260 umbra
1032 3212 1153 3260 nemus.
1298 3202 1304 3210 '

377 3273 451 3356 Lux
468 3275 519 3339 ubi
536 3276 586 3336 vel
606 3271 715 3338 Phoebi
732 3277 852 3361 micuit,
871 3281 928 3343 vel·
941 3277 1036 3343 fidera
1051 3278 1139 3362 coeli,
1202 3295 1213 3314 ’

417 3359 524 3427 Sidera
539 3373 615 3422 cum
631 3355 751 3422 Phoebo
768 3358 871 3424 dicere
886 3359 971 3426 lusus
986 3376 1061 3425 erat.

375 3444 461 3512 Vere
475 3460 559 3506 novo
575 3439 696 3524 quoties
712 3455 870 3522 pratorum
884 3445 975 3508 mille
991 3448 1127 3528 colores,

417 3523 469 3591 Ut
486 3523 595 3606 potuit,
614 3525 748 3589 numeris
766 3525 862 3608 pinxit
876 3531 1005 3608 uterque
1019 3527 1093 3606 iuis.
1123 3543 1126 3558 ⁴
1168 3563 1173 3576 =

375 3607 478 3682 Exciti
496 3607 616 3686 quoties
631 3610 799 3674 uoluerunt
814 3609 1040 3694 modulandae,
1058 3608 1176 3693 pletlra
1222 3660 1226 3667 -
1341 3635 1345 3645 ¹

418 3690 601 3772 Sumturus,
620 3693 754 3758 alternos
771 3692 1021 3775 reddidimusque
1035 3696 1140 3763 sonos.

303 3852 305 3856 .
376 3773 496 3843 Omnia
512 3765 679 3841 subdebant
696 3777 837 3842 llitnulou
850 3776 1036 3859 juvenilibus
1055 3781 1144 3866 auhn,

418 3857 579 3942 Quidlibet
593 3859 708 3926 ausuris
726 3860 832 3925 omnia
846 3861 951 3924 calcar
966 3877 1062 3928 erant.

374 3944 434 4031 llis
450 3961 509 4026 ego
524 3941 642 4006 deliciis
658 3958 776 4025 tecum,
797 3944 858 4008 fine
874 3941 963 4026 face,
980 3941 1115 4037 fruebar¹

411 4025 557 4118 „Unaque
572 4025 849 4112 prebebatgaudia
861 4026 953 4094 mille
966 4026 1065 4114 ‘iiiia‘
1112 4046 1116 4054 ¹
1149 4091 1153 4102 ,
1246 4109 1252 4122 ⁸
1291 4115 1356 4199 sed
